<?xml version="1.0" encoding="UTF-8"?><record xmlns="http://www.loc.gov/MARC21/slim" xmlns:cinclude="http://apache.org/cocoon/include/1.0" xmlns:zs="http://www.loc.gov/zing/srw/">
  <leader>00344nz  a2200121n  4500</leader>
  <controlfield tag="001">n  86803516 </controlfield>
  <controlfield tag="003">DLC</controlfield>
  <controlfield tag="005">19860124091440.7</controlfield>
  <controlfield tag="008">860124n| acannaab|          |n aad |||  </controlfield>
  <datafield tag="010" ind1=" " ind2=" ">
    <subfield code="a">n  86803516 </subfield>
  </datafield>
  <datafield tag="040" ind1=" " ind2=" ">
    <subfield code="a">DLC</subfield>
    <subfield code="c">DLC</subfield>
  </datafield>
  <datafield tag="100" ind1="1" ind2="0">
    <subfield code="a">Alston, A. S.</subfield>
  </datafield>
  <datafield tag="670" ind1=" " ind2=" ">
    <subfield code="a">nuc86-6257: His Timbers of Fiji, 1982</subfield>
    <subfield code="b">(hdg. on MnSU rept.: Alston, A. S.; usage: A.S. Alston)</subfield>
  </datafield>
</record>